<?xml version="1.0" encoding="UTF-8"?><collection xmlns="http://www.loc.gov/MARC21/slim"><record><leader>00459nam--2200133-i-4500</leader><controlfield tag="001">000039893</controlfield><controlfield tag="002">20161230</controlfield><controlfield tag="005">20161230201042</controlfield><controlfield tag="008">060222s1000------------r-----000-0-eng-d</controlfield><datafield ind1=" " ind2=" " tag="080"><subfield code="a">537.312.62(043)</subfield></datafield><datafield ind1=" " ind2=" " tag="100"><subfield code="a">Rullier-albenoue, Florence</subfield></datafield><datafield ind1=" " ind2=" " tag="245"><subfield code="a">Defauts d`irradiation dans les composes a-15v3si et nb3ge: influence sur les proprietes supraconductrices et les proprietes de transport. these</subfield></datafield><datafield ind1=" " ind2=" " tag="260"><subfield code="a">Orsay, Univ.De Paris-sud, 1984, 159p</subfield></datafield><datafield ind1=" " ind2=" " tag="852"><subfield code="a">74032</subfield></datafield></record></collection>